<?xml version="1.0" encoding="UTF-8"?><collection xmlns="http://www.loc.gov/MARC21/slim"><record><leader>00599nam--2200181-i-4500</leader><controlfield tag="001">000019744</controlfield><controlfield tag="002">20161230</controlfield><controlfield tag="005">20161230201033</controlfield><controlfield tag="008">060222s1000------------r-----000-0-ger-d</controlfield><datafield ind1=" " ind2=" " tag="040"><subfield code="a">IFIN-HH</subfield></datafield><datafield ind1=" " ind2=" " tag="041"><subfield code="a">ger</subfield></datafield><datafield ind1=" " ind2=" " tag="080"><subfield code="a">539.171.4:548.5(043)</subfield></datafield><datafield ind1="1" ind2=" " tag="100"><subfield code="a">Enge, Reinhard</subfield></datafield><datafield ind1="1" ind2="0" tag="245"><subfield code="a">Untersuchungen der reaktionen 25mg(n,beta) 22ne und 26mg(n,beta) 23 ne bei neutronen energien um 14 mev mit einem reenergeste teurten messystem</subfield><subfield code="b">Dissertation</subfield><subfield code="c">Reinhard enge</subfield></datafield><datafield ind1=" " ind2=" " tag="260"><subfield code="a">Tubingen</subfield><subfield code="b">Eberhard-karls-universitat</subfield><subfield code="c">1977</subfield></datafield><datafield ind1=" " ind2=" " tag="300"><subfield code="a">145 P</subfield></datafield><datafield ind1=" " ind2=" " tag="852"><subfield code="a">45977</subfield><subfield code="c">539.17</subfield></datafield><datafield ind1=" " ind2=" " tag="CAT"><subfield code="a">Sys</subfield><subfield code="c">20120618</subfield><subfield code="h">131858</subfield></datafield></record></collection>